
@article{apostol-proof-euler-missed,
  author  = {Apostol, Tom M.},
  doi     = {10.1007/bf03026576},
  journal = {Tht Mathematical Intelligencer},
  number  = {3},
  title   = {A proof that {E}uler missed: evaluating $\zeta(2)$ the easy way},
  volume  = {5},
  year    = {1983}
}

@book{anton:algebra_linear,
  author    = {Anton, H. and Rorres, C.},
  title     = {Álgebra Linear com aplicações},
  edition   = {8},
  publisher = {Bookman},
  year      = {2001},
  address   = {Porto Alegre}
}

@book{anton:calculo,
  author    = {Anton, H. and Bivens, I. and Davis, S.},
  title     = {Cálculo},
  edition   = {8},
  publisher = {Bookman},
  year      = {2007},
  volume    = {2},
  address   = {Porto Alegre}
}

@book{avila:variaveis_complexas_e_aplicacoes,
  author    = {Ávila, G.},
  title     = {Variáveis complexas e aplicações},
  edition   = {3},
  publisher = {LTC},
  year      = {2008},
  address   = {Rio de Janeiro}
}

@book{avritzer_geoanaalglin,
  title  = {geometria analítica e álgebra linear: uma visão geométrica},
  author = {dan Avritzer},
  year   = {2011}
}

@book{boldrini:algebra_linear,
  author   = {José Luis Boldrini and 
              Sueli I. R. Costa and
              Vera Lúcia Figueiredo and
              Henry G. Wetzler},
  edition  = {3},
  location = {São Paulo},
  title    = {Álgebra Linear},
  year     = {1986}
}

@book{boulos:calculo_diferencial_e_integral,
  author    = {Boulos, P.},
  title     = {Cálculo diferencial e integral},
  publisher = {Makron Books},
  year      = {1999},
  volume    = {1},
  address   = {São Paulo}
}

@book{boyce:equacoes_diferenciais_elementares_com_problemas_de_valores_de_contorno,
  author    = {Boyce, William E. and Diprima, Richard C.},
  edition   = {10},
  publisher = {LTC},
  title     = {Equações diferenciais elementares e problemas de valores de contorno},
  year      = {2015},
  address   = {Rio de Janeiro}
}

@book{butkov,
  author    = {Butkov, E.},
  publisher = {LTC},
  title     = {Física matemática},
  year      = {1988}
}

@book{camargo:geometria_analítica,
  author    = {Camargo, I. and Boulos, P.},
  title     = {Geometria Analítica -- Um Tratamento Vetorial},
  edition   = {3},
  publisher = {Prentice-Hall},
  year      = {2005},
  address   = {São Paulo}
}

@book{capelas:funcoes_analiticas_com_aplicacoes,
  author    = {Capelas de Oliveira, E. and Rodrigues Jr. and Waldyr A.},
  title     = {Funções Analíticas com Aplicações},
  publisher = {Ed. Livraria da Física},
  year      = {2006},
  address   = {São Paulo}
}

@book{churchill:series_de_fourier,
  author    = {Churchill, Ruel V.},
  publisher = {Guanabara},
  title     = {Series de Fourier e problemas de valores de contorno},
  edition   = {2},
  address   = {Rio de Janeiro},
  year      = {1978}
}

@book{churchill:variaveis_complexas_e_aplicacoes,
  author    = {Churchill, Ruel V.},
  title     = {Variáveis complexas e aplicações},
  edition   = {},
  publisher = {McGraw-Hill do Brasil},
  year      = {1975},
  address   = {São Paulo}
}

@book{demana:pre_calculo,
  author    = {Demana, Franklin D. and
               Waits, Bert K. and
               Foley, Gregory D. and
               Kennedy, Daniel.},
  title     = {Pré-cálculo},
  edition   = {1},
  publisher = {Pearson},
  year      = {2008},
  address   = {São Paulo}
}

@book{dennis:curso_introdutorio_a_analise_complexa_com_aplicacoes,
  author    = {Dennis G. Zill e Patrick D. Shanahan},
  title     = {Curso Introdutório à Análise Complexa com Aplicações},
  edition   = {2},
  publisher = {TLC},
  year      = {2011}
}

@book{edwards:calculo_com_geometria_analitica_1,
  author    = {Charles Henry Edwards and David E. Penney},
  title     = {Cálculo com geometria analítica},
  publisher = {Prentice-Hall},
  year      = {1994},
  volume    = {1},
  address   = {Rio de Janeiro}
}

@book{edwards:calculo_com_geometria_analitica_2,
  author    = {Charles Henry Edwards and David E. Penney},
  title     = {Cálculo com geometria analítica},
  publisher = {Prentice-Hall},
  year      = {1994},
  volume    = {2},
  address   = {Rio de Janeiro}
}

@book{edwards:calculo_com_geometria_analitica_3,
  author    = {Charles Henry Edwards and David E. Penney},
  title     = {Cálculo com geometria analítica},
  publisher = {Prentice-Hall},
  year      = {1994},
  volume    = {3},
  address   = {Rio de Janeiro}
}

@book{edwards:equacoes_diferenciais_elementares_com_problemas_de_valores_de_contorno,
  author    = {Charles Henry Edwards and David E. Penney},
  title     = {Equações diferenciais elementares com problemas de valores de contorno},
  publisher = {Prentice-Hall},
  year      = {1995},
  edition   = {3},
  address   = {Rio de Janeiro}
}

@book{fgomes_matbas,
  title     = {Matemática básica: Operações, equações, funções e sequências},
  author    = {Francisco Magalhães Gomes},
  year      = {2017},
  publisher = {IMECC – UNICAMP},
  url       = {http://www.ime.unicamp.br/~chico/ma091/page14.html}
}

@book{flemming:calculo_a,
  author    = {Flemming, Diva Marília and Gonçalves, Mirian Buss},
  title     = {Cálculo A: funções, limite, derivação e integração},
  publisher = {Prentice-Hall},
  year      = {2007},
  address   = {São Paulo}
}

@book{flemming:calculo_b,
  author    = {Flemming, Diva Marília and Gonçalves, Mirian Buss},
  title     = {Cálculo B: funções de várias variáveis, integrais duplas e triplas},
  publisher = {Prentice-Hall},
  year      = {2007},
  address   = {São Paulo}
}

@book{flemming:calculo_c,
  author    = {Flemming, Diva Marília and Gonçalves, Mirian Buss},
  title     = {Cálculo C: funções vetoriais, integrais curvilíneas, integrais de superfície},
  publisher = {Prentice-Hall},
  year      = {2007},
  address   = {São Paulo}
}

@book{frank:equacoes_diferenciais,
  author    = {Frank Ayres Júnior},
  title     = {Equações diferenciais},
  publisher = {McGraw-Hill},
  year      = {1959},
  address   = {São Paulo}
}

@book{fundamentosmatematica_01,
  title     = {Fundamentos de matemática elementar, 1: conjuntos, funções},
  author    = {Iezzi, G. and Murakami, C.},
  year      = {2004},
  isbn      = {9788535704556},
  publisher = {Atual},
  url       = {https://books.google.com.br/books?id=gMuCPgAACAAJ},
  volume    = {1}
}

@book{fundamentosmatematica_02,
  title     = {Fundamentos de matemática elementar, 2: logaritmos},
  author    = {Iezzi, G. and Dolce, O. and Murakami, C.},
  year      = {2013},
  isbn      = {9788535716825},
  publisher = {Atual},
  url       = {https://books.google.com.br/books?id=rZkGkAEACAAJ},
  volume    = {2}
}

@book{fundamentosmatematica_04,
  title     = {Fundamentos de matemática elementar, 4: sequências, matrizes, determinantes, sistemas},
  author    = {Iezzi, G. and Hazzan, S.},
  year      = {2013},
  isbn      = {9788535717488},
  publisher = {Atual},
  url       = {https://books.google.com.br/books?id=3CW4jwEACAAJ},
  volume    = {4}
}

@book{fundamentosmatematica_06,
  title     = {Fundamentos de matemática elementar, 6: complexos, polinômios, equações},
  author    = {Iezzi, G.},
  year      = {2013},
  isbn      = {9788535717525},
  publisher = {Atual},
  url       = {https://books.google.com.br/books?id=I1iZDAEACAAJ},
  volume    = {6}
}

@book{fundamentosmatematica_07,
  title     = {Fundamentos de matemática elementar, 7: geometria analítica},
  author    = {Iezzi, G.},
  year      = {2005},
  isbn      = {9788535705461},
  publisher = {Atual},
  url       = {https://books.google.com.br/books?id=nFByPgAACAAJ},
  volume    = {7}
}

@book{fundamentosmatematica_08,
  title     = {Fundamentos de matemática elementar, 8: limites, derivadas, noções de integral},
  author    = {Iezzi, G. and Machado, N.J. and Murakami, C.},
  year      = {2013},
  isbn      = {9788535717563},
  publisher = {Atual},
  url       = {https://books.google.com.br/books?id=IzLUjwEACAAJ},
  volume    = {8}
}

@book{fundamentosmatematica_11,
  title     = {Fundamentos de matemática elementar, 11: matemática comercial, matemática financeira e estatística descritiva},
  author    = {Iezzi, G. and Hazzan, S. and Degenszajn, D.M.},
  year      = {2013},
  isbn      = {9788535717600},
  number    = {v. 11},
  publisher = {Atual},
  url       = {https://books.google.com.br/books?id=6SEJkAEACAAJ},
  volume    = {11}
}

@book{giordano:a_first_course_in_mathematical_modeling,
  author    = {Giordano, Frank R. and Weir, Maurice D. and Fox, Willian P.},
  title     = {A first course in mathematical modeling},
  edition   = {3},
  publisher = {Thomson},
  year      = {2003},
  address   = {Pacific Grove}
}

@book{hsu:analise_de_fourier,
  author    = {HSU, Hwei P.},
  title     = {Análise de Fourier},
  publisher = {LTC},
  year      = {1973},
  address   = {Rio de Janeiro}
}

@book{kolman:algebra_linear,
  author    = {Kolman, B.},
  title     = {Álgebra Linear},
  edition   = {3},
  publisher = {Guanabara},
  year      = {1987},
  address   = {Rio de Janeiro}
}

@book{lang:algebra_linear,
  author    = {Lang, S.},
  title     = {Álgebra Linear},
  publisher = {Edgard Blucher},
  year      = {1971},
  address   = {São Paulo}
}

@book{leighton:equacoes_diferenciai_ordinarias,
  author    = {Leighton, Walter},
  title     = {Equações diferenciais ordinárias},
  publisher = {LTC},
  year      = {1970},
  address   = {Rio de Janeiro}
}

@book{leithold:o_calculo_com_geometria_analitica_1,
  author    = {Leithold, Louis},
  title     = {O cálculo com geometria analítica},
  edition   = {3},
  publisher = {Harbra},
  year      = {1994},
  volume    = {1},
  address   = {São Paulo}
}

@book{leithold:o_calculo_com_geometria_analitica_2,
  author    = {Leithold, Louis},
  title     = {O cálculo com geometria analítica},
  edition   = {3},
  publisher = {Harbra},
  year      = {1994},
  volume    = {2},
  address   = {São Paulo}
}

@book{leon:algebra_linear_com_aplicacoes,
  author    = {Leon, S. J.},
  title     = {Álgebra Linear com aplicações},
  edition   = {8},
  publisher = {LTC},
  year      = {2011},
  address   = {Rio de Janeiro}
}

@book{medeiros:pre_calculo,
  author    = {Valéria Zuma Medeiros and
             André Machado Caldeira and
             Luiza Maria Oliveira da Silva and
             Maria Augusta Soares Machado},
  title     = {Pré-cálculo},
  edition   = {3},
  publisher = {Cengage Learning},
  year      = {2013},
  address   = {São Paulo}
}

@book{murolo2004matematica,
  title     = {Matemática Aplicada à Administração, Economia e Contabilidade},
  author    = {Murolo, A.C. and Bonetto, G.A. and BONETTO, G.},
  year      = {2004},
  isbn      = {9788522103997},
  publisher = {Pioneira Thomson Learning},
  url       = {https://books.google.com.br/books?id=JFXWf98X5IQC}
}

@book{nagle,
  author    = {Nagle, R. K. and Saff, E. B.and Snider, A. D.},
  edition   = {8},
  publisher = {Pearson},
  title     = {Equações Diferenciais},
  year      = {2012}
}

@book{poole:algebra_linear,
  author    = {poole, D.},
  title     = {Álgebra Linear},
  publisher = {Thomson},
  year      = {2006},
  address   = {São Paulo}
}

@book{reginaldo:introducao_as_equacoes_diferenciais_ordinarias,
  author    = {Reginaldo de Jesus Santos},
  title     = {Introdução às equações diferenciais ordinárias},
  year      = {2006},
  publisher = {Imprensa Universitária UFMG},
  url       = {http://www.mat.ufmg.br/~regi},
  address   = {Belo Horizonte}
}

@book{reginaldo:matrizes_vetores_e_geometria_analitica,
  author    = {Reginaldo de Jesus Santos},
  title     = {Matrizes, Vetores e Geometria Analítica},
  year      = {2007},
  publisher = {Imprensa Universitária UFMG},
  url       = {http://www.mat.ufmg.br/~regi},
  address   = {Belo Horizonte}
}

@book{reginaldo:um_curso_de_geometria_analitica_e_algebra_linear,
  author    = {Reginaldo de Jesus Santos},
  title     = {Um curso de geometria analítica e álgebra linear},
  year      = {2010},
  publisher = {Imprensa Universitária UFMG},
  url       = {http://www.mat.ufmg.br/~regi},
  address   = {Belo Horizonte}
}

@book{rojas,
  author    = {Rojas, M. R. A.},
  publisher = {InterSaberes},
  title     = {Introdução às equações diferenciais parciais},
  year      = {2020}
}

@book{santos:vetores_e_matrizes_uma_introducao_a_algebra_linear,
  author    = {Santos, N. M.},
  title     = {Vetores e matrizes: uma introdução à álgebra linear},
  edition   = {4},
  publisher = {Thomson Learning},
  year      = {2005},
  address   = {São Paulo}
}

@book{simmons:calculo_com_geometria_analitica_1,
  author    = {Simmons, George F.},
  title     = {Cálculo com geometria analítica},
  publisher = {Pearson Makron Books},
  year      = {1988},
  volume    = {1},
  address   = {São Paulo}
}

@book{simmons:calculo_com_geometria_analitica_2,
  author    = {Simmons, George F.},
  title     = {Cálculo com geometria analítica},
  publisher = {Pearson Makron Books},
  year      = {1988},
  volume    = {2},
  address   = {São Paulo}
}

@book{soares:calculo_em_uma_variavel_complexa,
  author    = {Soares, M.G.},
  title     = {Cálculo em Uma Variável Complexa},
  publisher = {IMPA},
  year      = {2001},
  address   = {Rio de Janeiro},
  series    = {Coleção Matemática Universitária},
}

@book{spiegel:analise_de_fourier,
  author    = {Spiegel, Murray R.},
  title     = {Análise de Fourier},
  publisher = {MacGraw-Hill},
  year      = {1976},
  address   = {São Paulo},
  series    = {Schaum},
}

@book{steinbruch:algebra_linear,
  author    = {Steinbruch, A. and Winterle, P. },
  title     = {Álgebra Linear},
  edition   = {2},
  publisher = {Pearson Education},
  year      = {1987},
  address   = {São Paulo}
}

@book{steinbruch:geometria_analitica,
  author    = {Steinbruch, A. and Winterle, P.},
  title     = {Geometria Analítica},
  edition   = {2},
  publisher = {Makron Books},
  year      = {1987},
  address   = {São Paulo}
}

@book{stewart_1,
  author    = {Stewart, James},
  edition   = {7},
  location  = {São Paulo},
  publisher = {Cengage Learning},
  title     = {Cálculo: Volume I},
  volume    = {1},
  year      = {2014}
}

@book{stewart_2,
  author    = {Stewart, James},
  edition   = {7},
  location  = {São Paulo},
  publisher = {Cengage Learning},
  title     = {Calculo: Volume II},
  volume    = {2},
  year      = {2014}
}

@book{strang:algebra_linear_e_suas_aplicacoes,
  author    = {Strang, G.},
  title     = {Álgebra Linear e suas aplicações},
  publisher = {Cengage Learning},
  year      = {2009},
  address   = {São Paulo}
}

@book{swokowski:calculo_com_geometria_analitica_1,
  author    = {Swokowski, Earl W.},
  title     = {Cálculo com geometria analítica},
  edition   = {2},
  publisher = {Makron Books},
  year      = {1995},
  volume    = {1},
  address   = {São Paulo}
}

@book{swokowski:calculo_com_geometria_analitica_2,
  author    = {Swokowski, Earl W.},
  title     = {Cálculo com geometria analítica},
  edition   = {2},
  publisher = {Makron Books},
  year      = {1995},
  volume    = {2},
  address   = {São Paulo}
}

@book{tan2001matemática,
  title     = {Matemática aplicada à administração e economia},
  author    = {Tan, S.T.},
  year      = {2001},
  isbn      = {9788522102457},
  publisher = {Pioneira Thomson Learning},
  url       = {https://books.google.com.br/books?id=d6QjAgAACAAJ}
}

@book{thomas_1,
    author   = {Thomas, George B. and Weir, Maurice D. and Hass, Joel},
    edition  = {12},
    location = {São Paulo},
    title    = {Cálculo Volume 1},
    volume   = {1},
    year     = {2012}
}

@book{thomas_2,
    author    = {Thomas, George B. and Weir, Maurice D. and Hass, Joel},
    edition   = {12},
    location  = {São Paulo},
    publisher = {Pearson Education do Brasil},
    title     = {Cálculo Volume 2},
    volume    = {2},
    year      = {2012}
}

@book{valeria:edp_um_curso_de_graduacao,
  author    = {Valéria Iório},
  title     = {EDP: Um Curso de Graduação},
  edition   = {2},
  publisher = {IMPA},
  year      = {2001},
  address   = {Rio de Janeiro}
}

@book{winterle:vetores_e_geometria_analitica,
  author    = {Winterle, P},
  title     = {Vetores e geometria analítica},
  edition   = {2},
  publisher = {Pearson Education do Brasil},
  year      = {2000},
  address   = {São Paulo}
}

@book{zill:equacoes_diferenciais_com_aplicacoes_em_modelagem,
  author    = {Zill, Dennis G.},
  title     = {Equações diferenciais com aplicações em modelagem},
  edition   = {9},
  publisher = {Cengage Learning},
  year      = {2011},
  address   = {São Paulo}
}

@mastersthesis{thimjohan,
  author      = {Thim, Johan},
  institution = {Lule{\aa} University of Technology},
  location    = {Lule{\aa}, Sweden},
  pagetotal   = {94},
  school      = {Lule{\aa} University of Technology},
  title       = {Continuous Nowhere Differentiable Functions},
  url         = {https://www.researchgate.net/publication/255669824_Continuous_Nowhere_Differentiable_Functions_MS_Thesis},
  urldate     = {2001-10-01},
  year        = {2003}
}

@online{reginaldo:fourier_edps,
  author  = {Reginaldo de Jesus Santos},
  title   = {Séries de Fourier e Equações Diferenciais Parciais},
  date    = {2007-10-16},
  url     = {https://regijs.github.io/eqdif/sfouriereqparc.pdf},
  urldate = {2021-10-10}
}

@online{reginaldo:serie-fourier,
  author  = {Reginaldo de Jesus Santos},
  title   = {Séries de Fourier},
  date    = {2002-04-23},
  url     = {https://regijs.github.io/eqdif/sfourier.pdf},
  urldate = {2021-10-10}
}

@online{reginaldo:serie-fourier-convergencia,
  author  = {Reginaldo de Jesus Santos},
  title   = {Convergência Pontual da Série de Fourier},
  date    = {2010-07-10},
  url     = {https://regijs.github.io/eqdif/teofourier.pdf},
  urldate = {2021-10-10}
}

@online{reginaldo:serie-fourier-senos,
  author  = {Reginaldo de Jesus Santos},
  title   = {Séries de Fourier de Senos e de Cossenos de Índices Ímpares},
  date    = {2010-08-17},
  url     = {https://regijs.github.io/eqdif/serfourespec.pdf},
  urldate = {2021-10-10}
}

@online{reginaldo:serie-potencias,
  author  = {Reginaldo de Jesus Santos},
  title   = {Propriedades de Séries de Potências},
  date    = {2011-10-02},
  url     = {https://regijs.github.io/eqdif/propserpot.pdf},
  urldate = {2021-10-10}
}

@online{reginaldo:transformada-fourier,
  author  = {Reginaldo de Jesus Santos},
  title   = {Transformada de Fourier},
  date    = {2010-10-15},
  url     = {https://regijs.github.io/eqdif/transfourier.pdf},
  urldate = {2021-10-10}
}

@online{wiki:bem-te-vi,
  author  = {{Wikimedia Commons}},
  title   = {File:Pitangus-3.ogg --- Wikimedia Commons{,} the free media repository},
  year    = {2020},
  url     = {https://commons.wikimedia.org/w/index.php?title=File:Pitangus-3.ogg&oldid=426366139},
  urldate = {2021-10-10}
}


